{"type":"buy","time":"2026-02-10T18:04:17.583Z","slug":"btc-updown-15m-1770746400","outcome":"Down","price":0.795,"size":50,"cost":39.75,"orderId":"0x617ac6d67d97245dc9ddfeb450f56146ca8d450592bb2e8234c23b15f35c1934"}
{"type":"buy","time":"2026-02-10T18:17:08.697Z","slug":"btc-updown-15m-1770747300","outcome":"Down","price":0.645,"size":62,"cost":39.99,"orderId":"0xa2e00c8a61c93d3aaf4d1ef6c24c3299dba4f6524c7957da2b0ce029726611f2"}
{"type":"buy","time":"2026-02-10T18:32:08.776Z","slug":"btc-updown-15m-1770748200","outcome":"Up","price":0.655,"size":61,"cost":39.955,"orderId":"0x64718f879a1737a5d1976acc3f1a23b546553df81ac4d54866eddcb8b08570ff"}
{"type":"buy","time":"2026-02-10T18:47:09.845Z","slug":"btc-updown-15m-1770749100","outcome":"Down","price":0.745,"size":53,"cost":39.485,"orderId":"0xb8b4987aaba8452e9128135284b0610369fe49430beb421c68d9a153a38ff8d7"}
{"type":"buy","time":"2026-02-10T19:02:10.951Z","slug":"btc-updown-15m-1770750000","outcome":"Up","price":0.635,"size":62,"cost":39.37,"orderId":"0xcf2ff710ae6cb13fac4f0fedb1c0b7a13b1d4fd899c51dbb13521d307d583344"}
{"type":"buy","time":"2026-02-10T19:17:21.001Z","slug":"btc-updown-15m-1770750900","outcome":"Down","price":0.625,"size":64,"cost":40,"orderId":"0x43a5d9a624971720e2d9651c7df6965b3cbe6098366b8ae725820b0950b58115"}
{"type":"buy","time":"2026-02-10T19:32:12.028Z","slug":"btc-updown-15m-1770751800","outcome":"Up","price":0.625,"size":64,"cost":40,"orderId":"0x61540ee52025bd3c5bd645c31a0049251ba06e98e74219edbaef7551fca627d6"}
{"type":"buy","time":"2026-02-10T19:48:32.425Z","slug":"btc-updown-15m-1770752700","outcome":"Up","price":0.615,"size":65,"cost":39.975,"orderId":"0x4a7def10f4f5a51cb40517fd9c8e501b75103a388e99fac2968c581009797ea3"}
{"type":"buy","time":"2026-02-10T20:03:14.247Z","slug":"btc-updown-15m-1770753600","outcome":"Down","price":0.67,"size":59,"cost":39.53,"orderId":"0x29337db55cea7062de9502520a4a8184737bdac1ba57cdec06440a0055e79b18"}
{"type":"buy","time":"2026-02-10T20:17:13.930Z","slug":"btc-updown-15m-1770754500","outcome":"Up","price":0.615,"size":65,"cost":39.975,"orderId":"0x20c47a584e64e3e538a771afdab3d17ced26495ac1d5b14df377ca43ad497ad2"}
{"type":"buy","time":"2026-02-10T20:32:04.889Z","slug":"btc-updown-15m-1770755400","outcome":"Up","price":0.615,"size":65,"cost":39.975,"orderId":"0xafc7c896953afade6878cf393ae74dd125c5cec241bc7af9ff7435ad470c24bc"}
{"type":"buy","time":"2026-02-10T20:47:15.293Z","slug":"btc-updown-15m-1770756300","outcome":"Up","price":0.615,"size":65,"cost":39.975,"orderId":"0x1da0532d6a4138e4d4236f45ea12f9fd31749fbbffba59a56bfba8db01be6ac0"}
{"type":"buy","time":"2026-02-10T21:02:05.784Z","slug":"btc-updown-15m-1770757200","outcome":"Up","price":0.765,"size":52,"cost":39.78,"orderId":"0x2552496bf8504b3b4ab2005af47c7d22c5aacc142c30fbe74e5e92e3718f8cb8"}
{"type":"buy","time":"2026-02-10T21:17:06.847Z","slug":"btc-updown-15m-1770758100","outcome":"Up","price":0.685,"size":58,"cost":39.730000000000004,"orderId":"0x82ca563bac2b6d299218ca1d9c67e0df65da46ab2fad2f276e0153f5cb1673ec"}
{"type":"buy","time":"2026-02-10T21:32:07.277Z","slug":"btc-updown-15m-1770759000","outcome":"Down","price":0.795,"size":50,"cost":39.75,"orderId":"0xce118f78b2589d19b5b7d31eb5334d1bd807137a775bba45c0db8a0d253c012c"}
{"type":"buy","time":"2026-02-10T21:47:07.896Z","slug":"btc-updown-15m-1770759900","outcome":"Up","price":0.635,"size":62,"cost":39.37,"orderId":"0x260d3bc8e64192e92b56607bf44b8b92aae6d3e7ba3c689a2accfb4c51e5c8a7"}
{"type":"buy","time":"2026-02-10T22:02:28.697Z","slug":"btc-updown-15m-1770760800","outcome":"Up","price":0.605,"size":66,"cost":39.93,"orderId":"0x11675cb76b904d2047666308882a8e8299915ae7afd79861534103f37bb97347"}
{"type":"buy","time":"2026-02-10T22:17:09.470Z","slug":"btc-updown-15m-1770761700","outcome":"Up","price":0.695,"size":57,"cost":39.614999999999995,"orderId":"0x4646256c61e7b0248a48c3ff1bb5abbb9cd697634e4bfb98e970e5bb9bf71bbc"}
{"type":"buy","time":"2026-02-10T22:32:50.016Z","slug":"btc-updown-15m-1770762600","outcome":"Up","price":0.62,"size":64,"cost":39.68,"orderId":"0x2f65f7f7c451d61391dbe25d08761233c1c915622393f0ac6a41b30347bb37b7"}
{"type":"buy","time":"2026-02-10T22:50:20.928Z","slug":"btc-updown-15m-1770763500","outcome":"Down","price":0.605,"size":66,"cost":39.93,"orderId":"0x04766c7fadbb48ca8f0630c8e29d125947dddff0e4c773998f668eff1f6d0bb3"}
{"type":"buy","time":"2026-02-10T23:03:41.931Z","slug":"btc-updown-15m-1770764400","outcome":"Up","price":0.635,"size":62,"cost":39.37,"orderId":"0x7c66d9a1affa1c6e1ab77d40ff0c7e3d4ecf5bdbdbe9c22c7e5172a215d60145"}
{"type":"buy","time":"2026-02-10T23:17:02.554Z","slug":"btc-updown-15m-1770765300","outcome":"Down","price":0.765,"size":52,"cost":39.78,"orderId":"0xc596028e28651ee77e3ab7b0dc9017cce2573a52d0086190c712b4df3b75fafa"}
{"type":"buy","time":"2026-02-10T23:34:04.523Z","slug":"btc-updown-15m-1770766200","outcome":"Down","price":0.625,"size":64,"cost":40,"orderId":"0x3977c5e8486ea810f43c5070c3180eb4df94b161c4ec40abb6904cfe020afb37"}
{"type":"buy","time":"2026-02-10T23:47:03.990Z","slug":"btc-updown-15m-1770767100","outcome":"Down","price":0.615,"size":65,"cost":39.975,"orderId":"0x65f5a9a2d0d1f6c42db2fafdf1afae669640d8552cd186342b3738bee7e2288d"}
{"type":"buy","time":"2026-02-11T00:02:04.777Z","slug":"btc-updown-15m-1770768000","outcome":"Down","price":0.605,"size":66,"cost":39.93,"orderId":"0x02c53f822d5328b530d202ca9e9a444b268b600b6f12a9d1573e9203700e158a"}
{"type":"buy","time":"2026-02-11T00:17:05.735Z","slug":"btc-updown-15m-1770768900","outcome":"Up","price":0.695,"size":57,"cost":39.614999999999995,"orderId":"0x383e4ace14d2870cca40891d337f576ca96373aee7f7c37f54f0d8f87bc6402e"}
